@techreport{Langseth_status_2021,
	address = {7700 Ambassador Place NE, Suite 200, Portland, OR 97220},
	title = {DRAFT Status of quillback rockfish (\textit{{Sebastes} maliger}) in {U}.{S}. waters off the coast of California in 2021 using catch and length data},
	institution = {Pacific Fishery Management Council},
	author = {Langseth, Brian J. and Wetzel, Chantel R. and Cope, Jason M. and Budrick, John E.},
	year = {2021},
	pages = {108}
}

@techreport{Langseth_ORstatus_2021,
	address = {7700 Ambassador Place NE, Suite 200, Portland, OR 97220},
	title = {DRAFT Status of quillback rockfish (\textit{{Sebastes} maliger}) in {U}.{S}. waters off the coast of Oregon in 2021 using catch and length data},
	institution = {Pacific Fishery Management Council},
	author = {Langseth, Brian J. and Wetzel, Chantel R. and Cope, Jason M. and Whitman, Alison D.},
	year = {2021},
	pages = {114}
}

@book{loveetal_2002,
	address = {Berkley and Los Angeles, California},
	title = {The rockfishes of the northeast Pacific},
	publisher = {University of California Press},
	author = {Love, Milton S. and Yoklavich, Mary and Thorsteinson, Lyman},
	year = {2002}
}

@article{Westetal_2014,
	title = {Variation in quillback rockfish (\textit{Sebastes maliger}) growth patterns from oceanic to inland waters of the Salish Sea},
	volume = {90},
	issue = {3},
	language = {en},
	journal = {Bulletin of Marine Science},
	author = {West, James E. and Helser, Thomas E. and O'Neill, Sandra M.},
	year = {2014},
	pages = {747--761}
}

@techreport{YamanakaandLacko_rockfish_2001,
	title = {Inshore rockfish ((\textit{Sebastes ruberrimus}), (\textit{S. maliger}), (\textit{S. caurinus}), (\textit{S. melanops}, (\textit{S. nigrocinctus}), and (\textit{S. nebulosus})) stock assessment for the west coast of Canada and recommendations for management},
	institution = {Canadian Science Advisory Secretariat, Research Document 2001/139},
	author = {Yamanako, K. L. and Lacko, L. C.},
	year = {2001},
	pages = {101}
}

@article{berkeleyetal_truncation_2004,
	author = {Berkeley, Steven A. and Hixon, Mark A. and Larson, Ralph J. and Love, Milton S.},
	title = {Fisheries Sustainability via Protection of Age Structure and Spatial Distribution of Fish Populations},
	journal = {Fisheries},
	volume = {29},
	number = {8},
	pages = {23-32},
	year = {2004}
}