@techreport{pfmc_rebuildingTOR_2022,
  title = {Terms of Reference for the Groundfish Rebuilding Analysis for 2023--2024},
  institution = {Pacific Fishery Management Council, 7700 Ambassador Place NE, Suite 200, Portland, OR 97220},
  author = {{PFMC}},
  year = {2022},
  url = {https://www.pcouncil.org/documents/2022/06/terms-of-reference-for-the-groundfish-rebuilding-analysis-for-2023-2024.pdf/},   
}

@techreport{langseth_rebuild_2022,
  title = {DRAFT Rebuilding analysis for quillback rockfish (\textit{{S}ebastes maliger}) in {U}.{S}. waters off the coast of {C}alifornia based on the 2021 stock assessment, incorporating {N}ovember 2021 council meeting requests},
  institution = {Pacific Fishery Management Council, 7700 Ambassador Place NE, Suite 200, Portland, OR 97220},
  author = {Langseth, B. and Wetzel, C.},
  year = {2022},
  url = {https://www.pcouncil.org/documents/2022/01/draft-rebuilding-analysis-for-quillback-rockfish-sebastes-maliger-in-u-s-waters-off-the-coast-of-california-based-on-the-2021-stock-assessment-incorporating-november-2021-council-meeting-requests.pdf/},   
}

@article {fed_registry_2023,
  author = {NMFS},
  title = {Magnuson-Stevens Act Provisions; Fisheries Off West Coast States; Pacific Coast Groundfish Fishery Management Plan; Amendment 31},
  year = {2023},
  journal = {88 Fed. Reg. 57,400 (Aug. 23, 2023)},
  url = {https://www.govinfo.gov/content/pkg/FR-2023-08-23/pdf/2023-18089.pdf}
}

@techreport{Langseth_status_2021,
  address = {7700 Ambassador Place NE, Suite 200, Portland, OR 97220},
  title = {Status of quillback rockfish (\textit{{Sebastes} maliger}) in {U}.{S}. waters off the coast of {C}alifornia in 2021 using catch and length data},
  institution = {Pacific Fishery Management Council},
  author = {Langseth, Brian J. and Wetzel, Chantel R. and Cope, Jason M. and Budrick, John E.},
  year = {2021},
  pages = {108}
}

@techreport{DickandMacCall_dbsra_2010,
  title = {Estimates of sustainable yield for 50 data-poor stocks in the {P}acific Coast Groundfish Fishery Management Plan},
  number = {NOAA-TM-NMFS-SWFSC-460},
  institution = {NOAA Tech. Memo, NOAA-TM-NMFS-SWFSC-460},
  author = {Dick, E. J. and MacCall, Alec D.},
  year = {2010}
}