@article{Reilly1998,
author = {Reilly, P N and Wilson-Vandenberg, D and Wilson, C E and Mayer, K},
journal = {Marine region, Admin. Rep.},
pages = {1--110},
title = {{Onboard sampling of the rockfish and lingcod commercial passenger fishing vessel industry in northern and central California, January through December 1995.}},
volume = {98-1},
year = {1998}
}